<?xml version="1.0" encoding="UTF-8"?>
<collection xmlns="http://www.loc.gov/MARC21/slim">
 <record>
  <leader>01517cam a22003614a 4500</leader>
  <controlfield tag="001">4582863</controlfield>
  <controlfield tag="005">20020222105500.0</controlfield>
  <controlfield tag="008">020221s2001    ilua     b    001 0 eng c</controlfield>
  <datafield tag="020" ind1=" " ind2=" ">
   <subfield code="a">1885923120</subfield>
  </datafield>
  <datafield tag="035" ind1=" " ind2=" ">
   <subfield code="a">(OCoLC)49055354</subfield>
  </datafield>
  <datafield tag="040" ind1=" " ind2=" ">
   <subfield code="a">CGU</subfield>
   <subfield code="c">CGU</subfield>
  </datafield>
  <datafield tag="042" ind1=" " ind2=" ">
   <subfield code="a">pcc</subfield>
  </datafield>
  <datafield tag="049" ind1=" " ind2=" ">
   <subfield code="a">CGUA</subfield>
  </datafield>
  <datafield tag="050" ind1=" " ind2="4">
   <subfield code="a">CD5391</subfield>
   <subfield code="b">.G377 2001</subfield>
  </datafield>
  <datafield tag="100" ind1="1" ind2=" ">
   <subfield code="a">Garrison, Mark B.</subfield>
  </datafield>
  <datafield tag="245" ind1="1" ind2="0">
   <subfield code="a">Seals on the Persepolis fortification tablets.</subfield>
   <subfield code="n">Vol. 1,</subfield>
   <subfield code="p">Images of heroic encounter /</subfield>
   <subfield code="c">by Mark B. Garrison and Margaret Cool Root ; with seal inscription readings by Charles E. Jones.</subfield>
  </datafield>
  <datafield tag="246" ind1="3" ind2="0">
   <subfield code="a">Images of heroic encounter</subfield>
  </datafield>
  <datafield tag="260" ind1=" " ind2=" ">
   <subfield code="a">Chicago :</subfield>
   <subfield code="b">The Oriental Institute of the University of Chicago,</subfield>
   <subfield code="c">2001.</subfield>
  </datafield>
  <datafield tag="300" ind1=" " ind2=" ">
   <subfield code="a">2 v. :</subfield>
   <subfield code="b">ill. ;</subfield>
   <subfield code="c">31 cm.</subfield>
  </datafield>
  <datafield tag="490" ind1="1" ind2=" ">
   <subfield code="a">Oriental Institute publications ;</subfield>
   <subfield code="v">v. 117</subfield>
  </datafield>
  <datafield tag="650" ind1=" " ind2="0">
   <subfield code="a">Seals (Numismatics)</subfield>
   <subfield code="z">Iran</subfield>
   <subfield code="z">Persepolis.</subfield>
  </datafield>
  <datafield tag="650" ind1=" " ind2="0">
   <subfield code="a">Cuneiform inscriptions, Elamite.</subfield>
  </datafield>
  <datafield tag="651" ind1=" " ind2="0">
   <subfield code="a">Persepolis (Iran)</subfield>
   <subfield code="x">Antiquities.</subfield>
  </datafield>
  <datafield tag="650" ind1=" " ind2="7">
   <subfield code="a">Antiquities.</subfield>
   <subfield code="2">fast</subfield>
   <subfield code="0">http://id.worldcat.org/fast/fst00810745</subfield>
  </datafield>
  <datafield tag="650" ind1=" " ind2="7">
   <subfield code="a">Cuneiform inscriptions, Elamite.</subfield>
   <subfield code="2">fast</subfield>
   <subfield code="0">http://id.worldcat.org/fast/fst00885198</subfield>
  </datafield>
  <datafield tag="650" ind1=" " ind2="7">
   <subfield code="a">Seals (Numismatics)</subfield>
   <subfield code="2">fast</subfield>
   <subfield code="0">http://id.worldcat.org/fast/fst01110321</subfield>
  </datafield>
  <datafield tag="651" ind1=" " ind2="7">
   <subfield code="a">Iran</subfield>
   <subfield code="z">Persepolis.</subfield>
   <subfield code="2">fast</subfield>
   <subfield code="0">http://id.worldcat.org/fast/fst01208784</subfield>
  </datafield>
  <datafield tag="700" ind1="1" ind2=" ">
   <subfield code="a">Root, Margaret Cool.</subfield>
  </datafield>
  <datafield tag="700" ind1="1" ind2=" ">
   <subfield code="a">Jones, Charles E.</subfield>
   <subfield code="q">(Charles Ellwood),</subfield>
   <subfield code="d">1955-</subfield>
  </datafield>
  <datafield tag="830" ind1=" " ind2="0">
   <subfield code="a">University of Chicago Oriental Institute publications ;</subfield>
   <subfield code="v">v. 117.</subfield>
  </datafield>
  <datafield tag="929" ind1=" " ind2=" ">
   <subfield code="t">LCC</subfield>
   <subfield code="c">Gen</subfield>
   <subfield code="b">f</subfield>
   <subfield code="a">CD5391.G377 2001</subfield>
   <subfield code="l">JRL</subfield>
  </datafield>
  <datafield tag="927" ind1=" " ind2=" ">
   <subfield code="b">60081109</subfield>
  </datafield>
  <datafield tag="927" ind1=" " ind2=" ">
   <subfield code="b">60081236</subfield>
  </datafield>
 </record>
</collection>
